<marc:record xmlns:marc="http://www.loc.gov/MARC21/slim" xmlns:xsi="http://www.w3.org/2001/XMLSchema-instance" xsi:schemaLocation="http://www.loc.gov/MARC21/slim http://www.loc.gov/standards/marcxml/schema/MARC21slim.xsd">
  <marc:leader>00000cam a22        4500</marc:leader>
  <marc:controlfield tag="001">003072691</marc:controlfield>
  <marc:controlfield tag="003">OCoLC</marc:controlfield>
  <marc:controlfield tag="005">20080818144400.0</marc:controlfield>
  <marc:controlfield tag="008">001102s1968    iq            000 0daraxd</marc:controlfield>
  <marc:datafield tag="010" ind1=" " ind2=" ">
    <marc:subfield code="a">   72297475</marc:subfield>
  </marc:datafield>
  <marc:datafield tag="035" ind1=" " ind2=" ">
    <marc:subfield code="a">(OCoLC)141041022</marc:subfield>
  </marc:datafield>
  <marc:datafield tag="035" ind1=" " ind2=" ">
    <marc:subfield code="a">(CStRLIN)UKMNM0020969MU-B</marc:subfield>
  </marc:datafield>
  <marc:datafield tag="040" ind1=" " ind2=" ">
    <marc:subfield code="a">EUM</marc:subfield>
    <marc:subfield code="c">EUM</marc:subfield>
  </marc:datafield>
  <marc:datafield tag="050" ind1="0" ind2=" ">
    <marc:subfield code="a">PJ7698.Z3</marc:subfield>
    <marc:subfield code="b">A6 1968</marc:subfield>
  </marc:datafield>
  <marc:datafield tag="100" ind1="0" ind2=" ">
    <marc:subfield code="a">Zayd al-Khayl,</marc:subfield>
    <marc:subfield code="d">7th cent.</marc:subfield>
    <marc:subfield code="6">01</marc:subfield>
  </marc:datafield>
  <marc:datafield tag="100" ind1="0" ind2=" ">
    <marc:subfield code="6">01</marc:subfield>
    <marc:subfield code="a">زيد الخيل.</marc:subfield>
  </marc:datafield>
  <marc:datafield tag="245" ind1="0" ind2="0">
    <marc:subfield code="6">02</marc:subfield>
    <marc:subfield code="a">Dīwān Zayd al-Khayl al-Ṭāʼī /</marc:subfield>
    <marc:subfield code="c">Sanʻat Nūrī Ḥammūdī al-Qaysī.</marc:subfield>
  </marc:datafield>
  <marc:datafield tag="245" ind1="0" ind2="0">
    <marc:subfield code="6">02</marc:subfield>
    <marc:subfield code="a">ديوان زيد الخيل الطائي /</marc:subfield>
    <marc:subfield code="c">صنعة نوري حمودي القيسي.</marc:subfield>
  </marc:datafield>
  <marc:datafield tag="260" ind1=" " ind2=" ">
    <marc:subfield code="6">03</marc:subfield>
    <marc:subfield code="a">al-Najaf :</marc:subfield>
    <marc:subfield code="b">Maṭbaʻat al-Nuʻmān,</marc:subfield>
    <marc:subfield code="c">[1968?]</marc:subfield>
  </marc:datafield>
  <marc:datafield tag="260" ind1=" " ind2=" ">
    <marc:subfield code="6">03</marc:subfield>
    <marc:subfield code="a">النجف :</marc:subfield>
    <marc:subfield code="b">مطبعة النعمان،</marc:subfield>
    <marc:subfield code="c">[١٩٦٨؟]</marc:subfield>
  </marc:datafield>
  <marc:datafield tag="300" ind1=" " ind2=" ">
    <marc:subfield code="a">136 p.</marc:subfield>
    <marc:subfield code="c">25 cm.</marc:subfield>
  </marc:datafield>
  <marc:datafield tag="490" ind1="0" ind2=" ">
    <marc:subfield code="6">04</marc:subfield>
    <marc:subfield code="a">Dawāwīn ṣaghīrah ;</marc:subfield>
    <marc:subfield code="v">2</marc:subfield>
  </marc:datafield>
  <marc:datafield tag="490" ind1="0" ind2=" ">
    <marc:subfield code="6">04</marc:subfield>
    <marc:subfield code="a">دواوين صغيرة ؛</marc:subfield>
    <marc:subfield code="v">٢</marc:subfield>
  </marc:datafield>
  <marc:datafield tag="504" ind1=" " ind2=" ">
    <marc:subfield code="a">Bibliography: p. 129-136.</marc:subfield>
  </marc:datafield>
  <marc:datafield tag="700" ind1="1" ind2=" ">
    <marc:subfield code="6">05</marc:subfield>
    <marc:subfield code="a">Qaysī, Nūrī Ḥammūdī,</marc:subfield>
    <marc:subfield code="e">ed.</marc:subfield>
  </marc:datafield>
  <marc:datafield tag="700" ind1="1" ind2=" ">
    <marc:subfield code="6">05</marc:subfield>
    <marc:subfield code="a">قيسي، نوري حمودي.</marc:subfield>
  </marc:datafield>
</marc:record>
